@article{nekrutkin2010perturbation,
	title={Perturbation expansions of signal subspaces for long signals},
	author={Nekrutkin, Vladimir},
	journal={arXiv preprint arXiv:1001.1051},
	year={2010}
}