@article{ankor,
	title={Вычисление интегралов методом Монте-Карло},
	author={Коробейников, А.},
	language={russian},
}