@article{ankorMLE,
	title={Markov Chain Monte Carlo},
	author={Коробейников, А.},
	language={russian},
	year={2023-04-05},
	note="[Online: accessed 31-March-2025]",
	url={https://statmod.ru/wiki/_media/study:spring2023:compstat:mcmc.pdf}
}

@article{RomGu,
	title = {МСМС, Метод Метрополиса-Гастингса},
	author={Звонарёв, Н.},
	year={2025},
	language={russian},
	url={https://statmod.ru/wiki/_media/study:spring2025:slides_mcmc.pdf},
	note = "[Online: accessed 31-March-2025]"
}