@article{ankorMLE,
	title={Оценки метода максимального правдоподобия},
	author={Коробейников, А.},
	language={russian},
	year={2023-03-07},
	note="[Online: accessed 16-March-2025]",
	url={https://statmod.ru/wiki/_media/study:spring2023:compstat:mle.pdf}
}

@article{RomGu,
	title = {М-оценки (M-estimators)},
	author={Звонарёв, Н.},
	year={2024},
	language={russian},
	url={https://statmod.ru/wiki/_media/study:spring2024:slides.pdf},
	note = "[Online: accessed 16-March-2025]"
}