@article{ankor,
	title={Моделирование случайных величин},
	author={Коробейников, А.},
	language={russian},
	url={https://statmod.ru/wiki/_media/study:spring2023:compstat:modelling.pdf},
	year={2023-03-04},
	note="[Online: accessed 07-March-2025]"
}

@article{RomGu,
	title = {Метод отбора},
	author={Гученко, Р.},
	year={2024-03-05},
	language={russian},
	url={https://statmod.ru/wiki/_media/study:spring2025:rejection_sampling-2.pdf},
	note = "[Online: accessed 07-March-2025]"
}