% Encoding: windows-1251
@Book{miln-tomson,
	author = {Милн-Томсон Л.},
	title = {Эллиптические интегралы},
	journal = {Справочник по специальным функциям с формулами, графиками и таблицами / Под ред. М. Абрамовица и И. Стиган; пер. с англ. под ред. В. А. Диткина и Л. Н. Карамзиной.},
	year = {1979},
	publisher = {Наука},
	address = {Москва},
	language = {russian},
	number = {50 000},
	numpages = {401---441},
}

@misc{korn1984,
	title={Корн Г., Корн Т. Справочник по математике для научных работников и инженеров},
	author={Korn, G and Korn, T},
	year={1984},
	publisher={М.:Наука, p831}
}

@article{Beitman1967,
	title={Высшие трансцендентные функции. Том 3},
	author={Бейтмен, Г and Эрдейи, А},
	year={1967},
	publisher={Наука, Физматлит},
	chapter = {гл. 13},
}

@article{Achiyezer1970,
	title={Элементы теории эллиптических функций},
	author={Ахиезер, Наум Ильич},
	year={1970},
	publisher={Наука},
	chapter = {гл 3, 7},
}

@misc{matlab,
	title = {Эллиптические функции, Процедуры для Matlab}
}


@online{ellfunc,
	title={Эллиптические функции},
	url={https://ru.wikipedia.org/wiki/\%D0\%AD\%D0\%BB\%D0\%BB\%D0\%B8\%D0\%BF\%D1\%82\%D0\%B8\%D1\%87\%D0\%B5\%D1\%81\%D0\%BA\%D0\%B0\%D1\%8F_\%D1\%84\%D1\%83\%D0\%BD\%D0\%BA\%D1\%86\%D0\%B8\%D1\%8F},
	date={12.10.2023},	
}

@online{ellcurve,
	title={Эллиптическая кривая},
	url={https://ru.wikipedia.org/wiki/\%D0\%AD\%D0\%BB\%D0\%BB\%D0\%B8\%D0\%BF\%D1\%82\%D0\%B8\%D1\%87\%D0\%B5\%D1\%81\%D0\%BA\%D0\%B0\%D1\%8F_\%D0\%BA\%D1\%80\%D0\%B8\%D0\%B2\%D0\%B0\%D1\%8F},
	date={12.10.2023},
}

@online{specfunc,
	title={Специальные функции},
	url={https://ru.wikipedia.org/wiki/\%D0\%A1\%D0\%BF\%D0\%B5\%D1\%86\%D0\%B8\%D0\%B0\%D0\%BB\%D1\%8C\%D0\%BD\%D1\%8B\%D0\%B5_\%D1\%84\%D1\%83\%D0\%BD\%D0\%BA\%D1\%86\%D0\%B8\%D0\%B8},
	date={12.10.2023},
}

@online{apprellint,
	title={Аппроксимация эллиптических интегралов},
	url={https://ru.wikipedia.org/wiki/\%D0\%90\%D0\%BF\%D0\%BF\%D1\%80\%D0\%BE\%D0\%BA\%D1\%81\%D0\%B8\%D0\%BC\%D0\%B0\%D1\%86\%D0\%B8\%D0\%B8_\%D1\%8D\%D0\%BB\%D0\%BB\%D0\%B8\%D0\%BF\%D1\%82\%D0\%B8\%D1\%87\%D0\%B5\%D1\%81\%D0\%BA\%D0\%B8\%D1\%85_\%D0\%B8\%D0\%BD\%D1\%82\%D0\%B5\%D0\%B3\%D1\%80\%D0\%B0\%D0\%BB\%D0\%BE\%D0\%B2},
	date={12.10.2023},
}

@Comment{jabref-meta: databaseType:bibtex;}