@article{GNZh01,
 	author = {\textsc{Golyandina, N., Nekrutkin, V. and Zhigljavsky, A.} (2001).},
	title = {\textit{Analysis of Time Series Structure.
	SSA and Related Techniques.} Champan \& Hall/CRC, Boca Raton-London-New York-Washington D.C.},
}
@article{Nekrutkin10,
 	author = {\textsc{Nekrutkin, V.} (2010).},
	title = {\textit{Perturbation expansions of signal subspa\-ces for long signals.}
Statistics and Its Interface. \textbf{3}, 297--319.},
}